
@article{GGSZ-B2Dh,
      author         = "Aaij, R. and others",
      title          = "{Measurement of the CKM angle $\gamma$ using $\Bpm\to [\KS h^+h^-]_\D h^\pm$ decays}",
      collaboration  = "LHCb collaboration",
      archivePrefix  = "arXiv",
      primaryClass   = "hep-ex",
      year           = "2020",
      journal        = "Submitted to JHEP",
}


@article{KsCPV,
      author         = "Bjørn, Mikkel and Malde, Sneha",
      title          = "{CP violation and material interaction of neutral kaons
                        in measurements of the CKM angle $\gamma$ using $B^\pm\to
                        DK^\pm$ decays where $D\to K_\text{S}^0\pi^+\pi^-$}",
      journal        = "JHEP",
      volume         = "19",
      year           = "2020",
      pages          = "106",
      doi            = "10.1007/JHEP07(2019)106",
      eprint         = "1904.01129",
      archivePrefix  = "arXiv",
      primaryClass   = "hep-ph",
      SLACcitation   = "%%CITATION = ARXIV:1904.01129;%%"
}

@article{Gammacombo2016,
      author         = "Aaij, Roel and others",
      title          = "{Measurement of the CKM angle $\gamma$ from a combination
                        of LHCb results}",
      collaboration  = "LHCb collaboration",
      journal        = "JHEP",
      volume         = "12",
      year           = "2016",
      pages          = "087",
      doi            = "10.1007/JHEP12(2016)087",
      eprint         = "1611.03076",
      archivePrefix  = "arXiv",
      primaryClass   = "hep-ex",
      reportNumber   = "LHCB-PAPER-2016-032, CERN-EP-2016-270",
      SLACcitation   = "%%CITATION = ARXIV:1611.03076;%%"
}



@Article{EvtGen,
     author    = "Lange, D. J.",
     title     = "{The EvtGen particle decay simulation package}",
     journal   = "Nucl. Instrum. Meth.",
     volume    = "A462",
     year      = "2001",
     pages     = "152-155",
     doi       = "10.1016/S0168-9002(01)00089-4",
}


@article{CLEOKSpipipi0,
      author         = "Resmi, P. K. and Libby, Jim and Malde, Sneha and
                        Wilkinson, Guy",
      title          = "{Quantum-correlated measurements of $D\to K^{0}_{\rm
                        S}\pi^{+}\pi^{-}\pi^{0}$ decays and consequences for the
                        determination of the CKM angle $\gamma$}",
      journal        = "JHEP",
      volume         = "01",
      year           = "2018",
      pages          = "082",
      doi            = "10.1007/JHEP01(2018)082",
      eprint         = "1710.10086",
      archivePrefix  = "arXiv",
      primaryClass   = "hep-ex",
      SLACcitation   = "%%CITATION = ARXIV:1710.10086;%%"
}

@manual{Gammacombo2018,
      author         = "Kenzie, Matthew William and Whitehead, Mark Peter",
      title          = "{Update of the LHCb combination of the CKM angle
                        $\gamma$}, \emph{LHCb-CONF-2018-002}",
      collaboration  = "LHCb collaboration",
      year           = "2018",
      reportNumber   = "LHCb-CONF-2018-002, CERN-LHCb-CONF-2018-002",
      SLACcitation   = "%%CITATION = LHCB-CONF-2018-002;%%"
}

@article{ahn_wolfenstein_2011,
      title = {Wolfenstein parametrization at higher order: {Seeming} discrepancies and their resolution},
      volume = {703},
      issn = {0370-2693},
      shorttitle = {Wolfenstein parametrization at higher order},
      url = {http://www.sciencedirect.com/science/article/pii/S0370269311009956},
      doi = {10.1016/j.physletb.2011.08.047},
      abstract = {The precise determination of the Cabibbo–Kobayashi–Maskawa (CKM) matrix elements is extremely important towards the understanding of CP violation. We explicitly study seeming discrepancies between the CKM matrix elements at the higher order of the expansion parameter λ in different Wolfenstein parametrizations derived from different exact parametrizations. A systematic way of resolving the seeming discrepancies is proposed. We find that most of the discrepancies can be naturally resolved by a proper redefinition of the numerically small (of order λ) parameters. Our approach is further applied to the cases for the Wolfenstein-like parametrizations, such as the Qin–Ma parametrization.},
      language = {en},
      number = {5},
      urldate = {2020-03-02},
      journal = {Physics Letters B},
      author = {Ahn, Y. H. and Cheng, Hai-Yang and Oh, Sechul},
      month = sep,
      year = {2011},
      pages = {571--575},
      file = {ScienceDirect Full Text PDF:/Users/bjoern/Zotero/storage/Q5975IH8/Ahn et al. - 2011 - Wolfenstein parametrization at higher order Seemi.pdf:application/pdf;ScienceDirect Snapshot:/Users/bjoern/Zotero/storage/8VHW7I8I/S0370269311009956.html:text/html}
}

@book{donoghueDynamicsStandardModel2014,
  title = {Dynamics of the {{Standard Model}}},
  author = {Donoghue, John F. and Golowich, Eugene and Holstein, Barry R.},
  year = {2014},
  publisher = {{Cambridge University Press}},
  address = {{Cambridge}}
}

@article{cabibboUnitarySymmetryLeptonic1963,
  title = {Unitary {{Symmetry}} and {{Leptonic Decays}}},
  author = {Cabibbo, Nicola},
  year = {1963},
  month = jun,
  volume = {10},
  pages = {531--533},
  publisher = {{American Physical Society}},
  doi = {10.1103/PhysRevLett.10.531},
  abstract = {DOI:https://doi.org/10.1103/PhysRevLett.10.531},
  file = {/Users/bjoern/Zotero/storage/BWP3QF3E/Cabibbo - 1963 - Unitary Symmetry and Leptonic Decays.pdf;/Users/bjoern/Zotero/storage/7PNT39Z6/PhysRevLett.10.html},
  journal = {Physical Review Letters},
  number = {12}
}

@article{poluektovUnbinnedModelindependentMeasurements2018,
  title = {Unbinned Model-Independent Measurements with Coherent Admixtures of Multibody Neutral {{D}} Meson Decays},
  author = {Poluektov, Anton},
  year = {2018},
  month = feb,
  volume = {78},
  pages = {121},
  issn = {1434-6052},
  doi = {10.1140/epjc/s10052-018-5599-1},
  abstract = {Various studies of Standard Model parameters involve measuring the properties of a coherent admixture of \$\$\{D\} \^0\$\$D0and \$\$\{\textbackslash overline\{D\}\{\}\} \{\}\^0\$\$D\textasciimacron 0states. A typical example is the determination of the Unitarity Triangle angle \$\$\textbackslash gamma \$\${$\gamma$}in the decays \$\$B\textbackslash rightarrow DK\$\$B\textrightarrow DK, \$\$D\textbackslash rightarrow \{\{K\} \^0\_\textbackslash mathrm\{\textbackslash scriptscriptstyle S\}\} \{\{\textbackslash pi \} \^+\} \{\{\textbackslash pi \} \^-\} \$\$D\textrightarrow KS0{$\pi$}+{$\pi$}-. A model-independent approach to perform this measurement is proposed that has superior statistical sensitivity than the well-established method involving binning of the \$\$D\textbackslash rightarrow \{\{K\} \^0\_\textbackslash mathrm\{\textbackslash scriptscriptstyle S\}\} \{\{\textbackslash pi \} \^+\} \{\{\textbackslash pi \} \^-\} \$\$D\textrightarrow KS0{$\pi$}+{$\pi$}-decay phase space. The technique employs Fourier analysis of the complex phase difference between \$\$\{D\} \^0\$\$D0and \$\$\{\textbackslash overline\{D\}\{\}\} \{\}\^0\$\$D\textasciimacron 0decay amplitudes and can easily be generalised to other similar measurements, such as studies of charm mixing or determination of the angle \$\$\textbackslash beta \$\${$\beta$}from \$\$\{\{B\} \^0\} \textbackslash rightarrow D h\^0\$\$B0\textrightarrow Dh0decays.},
  file = {/Users/bjoern/Zotero/storage/QYIS6KAJ/Poluektov - 2018 - Unbinned model-independent measurements with coher.pdf},
  journal = {The European Physical Journal C},
  language = {en},
  number = {2}
}

@article{kouBelleIIPhysics2019a,
  title = {The {{Belle II Physics Book}}},
  author = {Kou, E. and Urquijo, P. and Altmannshofer, W. and Beaujean, F. and Bell, G. and Beneke, M. and Bigi, I. I. and Blanke, F. Bishara M. and Bobeth, C. and Bona, M. and Brambilla, N. and Braun, V. M. and Brod, J. and Buras, A. J. and Cheng, H. Y. and Chiang, C. W. and Colangelo, G. and Czyz, H. and Datta, A. and De Fazio, F. and Deppisch, T. and Dolan, M. J. and Fajfer, S. and Feldmann, T. and Godfrey, S. and Gronau, M. and Grossman, Y. and Guo, F. K. and Haisch, U. and Hanhart, C. and Hashimoto, S. and Hirose, S. and Hisano, J. and Hofer, L. and Hoferichter, M. and Hou, W. S. and Huber, T. and Jahn, S. Jaeger S. and Jamin, M. and Jones, J. and Jung, M. and Kagan, A. L. and Kahlhoefer, F. and Kamenik, J. F. and Kaneko, T. and Kiyo, Y. and Kokulu, A. and Kosnik, N. and Kronfeld, A. S. and Ligeti, Z. and Logan, H. and Lu, C. D. and Lubicz, V. and Mahmoudi, F. and Maltman, K. and Misiak, M. and Mishima, S. and Moats, K. and Moussallam, B. and Nefediev, A. and Nierste, U. and Nomura, D. and Offen, N. and Olsen, S. L. and Passemar, E. and Paul, A. and Paz, G. and Petrov, A. A. and Pich, A. and Polosa, A. D. and Pradler, J. and Prelovsek, S. and Procura, M. and Ricciardi, G. and Robinson, D. J. and Roig, P. and Schacht, S. and {Schmidt-Hoberg}, K. and Schwichtenberg, J. and Sharpe, S. R. and Shigemitsu, J. and Shimizu, N. and Shimizu, Y. and Silvestrini, L. and Simula, S. and Smith, C. and Stoffer, P. and Straub, D. and Tackmann, F. J. and Tanaka, M. and Tayduganov, A. and {Tetlalmatzi-Xolocotzi}, G. and Teubner, T. and Vairo, A. and {van Dyk}, D. and Virto, J. and Was, Z. and Watanabe, R. and Watson, I. and Zupan, J. and Zwicky, R. and Abudinen, F. and Adachi, I. and Adamczyk, K. and Ahlburg, P. and Aihara, H. and Aloisio, A. and Andricek, L. and Ky, N. Anh and Arndt, M. and Asner, D. M. and Atmacan, H. and Aushev, T. and Aushev, V. and Ayad, R. and Aziz, T. and Baehr, S. and Bahinipati, S. and Bambade, P. and Ban, Y. and Barrett, M. and Baudot, J. and Behera, P. and Belous, K. and Bender, M. and Bennett, J. and Berger, M. and Bernieri, E. and Bernlochner, F. U. and Bessner, M. and Besson, D. and Bettarini, S. and Bhardwaj, V. and Bhuyan, B. and Bilka, T. and Bilmis, S. and Bilokin, S. and Bonvicini, G. and Bozek, A. and Bracko, M. and Branchini, P. and Braun, N. and Briere, R. A. and Browder, T. E. and Burmistrov, L. and Bussino, S. and Cao, L. and Caria, G. and Casarosa, G. and Cecchi, C. and Cervenkov, D. and Chang, M.-C. and Chang, P. and Cheaib, R. and Chekelian, V. and Chen, Y. and Cheon, B. G. and Chilikin, K. and Cho, K. and Choi, J. and Choi, S.-K. and Choudhury, S. and Cinabro, D. and Cremaldi, L. M. and Cuesta, D. and Cunliffe, S. and Dash, N. and Burelo, E. de la Cruz and De Lucia, E. and De Nardo, G. and De Nuccio, M. and De Pietro, G. and Hernandez, A. De Yta and Deschamps, B. and Destefanis, M. and Dey, S. and Di Capua, F. and Di Carlo, S. and Dingfelder, J. and Dolezal, Z. and Jimenez, I. Dominguez and Dong, T. V. and Dossett, D. and Duell, S. and Eidelman, S. and Epifanov, D. and Fast, J. E. and Ferber, T. and Fiore, S. and Fodor, A. and Forti, F. and Frey, A. and Frost, O. and Fulsom, B. G. and Gabriel, M. and Gabyshev, N. and Ganiev, E. and Gao, X. and Gao, B. and Garg, R. and Garmash, A. and Gaur, V. and Gaz, A. and Gessler, T. and Gebauer, U. and Gelb, M. and Gellrich, A. and Getzkow, D. and Giordano, R. and Giri, A. and Glazov, A. and Gobbo, B. and Godang, R. and Gogota, O. and Goldenzweig, P. and Golob, B. and Gradl, W. and Graziani, E. and Greco, M. and Greenwald, D. and Gribanov, S. and Guan, Y. and Guido, E. and Guo, A. and Halder, S. and Hara, K. and Hartbrich, O. and Hauth, T. and Hayasaka, K. and Hayashii, H. and Hearty, C. and De La Cruz, I. Heredia and Villanueva, M. Hernandez and Hershenhorn, A. and Higuchi, T. and Hoek, M. and Hollitt, S. and Van, N. T. Hong and Hsu, C.-L. and Hu, Y. and Huang, K. and Iijima, T. and Inami, K. and Inguglia, G. and Ishikawa, A. and Itoh, R. and Iwasaki, Y. and Iwasaki, M. and Jackson, P. and Jacobs, W. W. and Jaegle, I. and Jeon, H. B. and Ji, X. and Jia, S. and Jin, Y. and Joo, C. and Kuenzel, M. and Kadenko, I. and Kahn, J. and Kakuno, H. and Kaliyar, A. B. and Kandra, J. and Kang, K. H. and Kawasaki, T. and Ketter, C. and Khasmidatul, M. and Kichimi, H. and Kim, J. B. and Kim, K. T. and Kim, H. J. and Kim, D. Y. and Kim, K. and Kim, Y. and Kimmel, T. D. and Kindo, H. and Kinoshita, K. and Konno, T. and Korobov, A. and Korpar, S. and Kotchetkov, D. and Kowalewski, R. and Krizan, P. and Kroeger, R. and Krohn, J.-F. and Krokovny, P. and Kuehn, W. and Kuhr, T. and Kulasiri, R. and Kumar, M. and Kumar, R. and Kumita, T. and Kuzmin, A. and Kwon, Y.-J. and Lacaprara, S. and Lai, Y.-T. and Lalwani, K. and Lange, J. S. and Lee, S. C. and Lee, J. Y. and Leitl, P. and Levit, D. and Levonian, S. and Li, S. and Li, L. K. and Li, Y. and Li, Y. B. and Li, Q. and Gioi, L. Li and Libby, J. and Liptak, Z. and Liventsev, D. and Longo, S. and Loos, A. and Castro, G. Lopez and Lubej, M. and Lueck, T. and Luetticke, F. and Luo, T. and Mueller, F. and Mueller, Th and MacQueen, C. and Maeda, Y. and Maggiora, M. and Maity, S. and Manoni, E. and Marcello, S. and Marinas, C. and Hernandez, M. Martinez and Martini, A. and Matvienko, D. and McKenna, J. A. and Meier, F. and Merola, M. and Metzner, F. and Miller, C. and Miyabayashi, K. and Miyake, H. and Miyata, H. and Mizuk, R. and Mohanty, G. B. and Moon, H. K. and Moon, T. and Morda, A. and Morii, T. and Mrvar, M. and Muroyama, G. and Mussa, R. and Nakamura, I. and Nakano, T. and Nakao, M. and Nakayama, H. and Nakazawa, H. and Nanut, T. and Naruki, M. and Nath, K. J. and Nayak, M. and Nellikunnummel, N. and Neverov, D. and Niebuhr, C. and Ninkovic, J. and Nishida, S. and Nishimura, K. and Nouxman, M. and Nowak, G. and Ogawa, K. and Onishchuk, Y. and Ono, H. and Onuki, Y. and Pakhlov, P. and Pakhlova, G. and Pal, B. and Paoloni, E. and Park, H. and Park, C.-S. and Paschen, B. and Passeri, A. and Paul, S. and Pedlar, T. K. and Perello, M. and Peruzzi, I. M. and Pestotnik, R. and Piilonen, L. E. and Lerma, L. Podesta and Popov, V. and Prasanth, K. and Prencipe, E. and Prim, M. and Purohit, M. V. and Rabusov, A. and Rasheed, R. and Reiter, S. and Remnev, M. and Resmi, P. K. and {Ripp-Baudot}, I. and Ritter, M. and Ritzert, M. and Rizzo, G. and Rizzuto, L. and Robertson, S. H. and Perez, D. Rodriguez and Roney, J. M. and Rosenfeld, C. and Rostomyan, A. and Rout, N. and Rummel, S. and Russo, G. and Sahoo, D. and Sakai, Y. and Salehi, M. and Sanders, D. A. and Sandilya, S. and Sangal, A. and Santelj, L. and Sasaki, J. and Sato, Y. and Savinov, V. and Scavino, B. and Schram, M. and Schreeck, H. and Schueler, J. and Schwanda, C. and Schwartz, A. J. and Seddon, R. M. and Seino, Y. and Senyo, K. and Seon, O. and Seong, I. S. and Sevior, M. E. and Sfienti, C. and Shapkin, M. and Shen, C. P. and Shimomura, M. and Shiu, J.-G. and Shwartz, B. and Sibidanov, A. and Simon, F. and Singh, J. B. and Sinha, R. and Skambraks, S. and Smith, K. and Sobie, R. J. and Soffer, A. and Sokolov, A. and Solovieva, E. and Spruck, B. and Stanic, S. and Staric, M. and Starinsky, N. and Stolzenberg, U. and Stottler, Z. and Stroili, R. and Strube, J. F. and Stypula, J. and Sumihama, M. and Sumisawa, K. and Sumiyoshi, T. and Summers, D. and Sutcliffe, W. and Suzuki, S. Y. and Tabata, M. and Takahashi, M. and Takizawa, M. and Tamponi, U. and Tan, J. and Tanaka, S. and Tanida, K. and Taniguchi, N. and Tao, Y. and Taras, P. and Munoz, G. Tejeda and Tenchini, F. and Tippawan, U. and Torassa, E. and Trabelsi, K. and Tsuboyama, T. and Uchida, M. and Uehara, S. and Uglov, T. and Unno, Y. and Uno, S. and Ushiroda, Y. and Usov, Y. and Vahsen, S. E. and {van Tonder}, R. and Varner, G. and Varvell, K. E. and Vinokurova, A. and Vitale, L. and Vos, M. and Vossen, A. and Waheed, E. and Wakeling, H. and Wan, K. and Wang, M.-Z. and Wang, X. L. and Wang, B. and Warburton, A. and Webb, J. and Wehle, S. and Wessel, C. and Wiechczynski, J. and Wieduwilt, P. and Won, E. and Xu, Q. and Xu, X. and Yabsley, B. D. and Yamada, S. and Yamamoto, H. and Yan, W. and Yan, W. and Yang, S. B. and Ye, H. and Yeo, I. and Yin, J. H. and Yonenaga, M. and Yoshinobu, T. and Yuan, W. and Yuan, C. Z. and Yusa, Y. and Zakharov, S. and Zani, L. and Zeyrek, M. and Zhang, J. and Zhang, Y. and Zhang, Y. and Zhou, X. and Zhukova, V. and Zhulanov, V. and Zupanc, A.},
  year = {2019},
  volume = {2019},
  pages = {123C01},
  issn = {2050-3911},
  doi = {10.1093/ptep/ptz106},
  abstract = {We present the physics program of the Belle II experiment, located on the intensity frontier SuperKEKB \$e\^+e\^-\$ collider. Belle II collected its first collisions in 2018, and is expected to operate for the next decade. It is anticipated to collect 50/ab of collision data over its lifetime. This book is the outcome of a joint effort of Belle II collaborators and theorists through the Belle II theory interface platform (B2TiP), an effort that commenced in 2014. The aim of B2TiP was to elucidate the potential impacts of the Belle II program, which includes a wide scope of physics topics: B physics, charm, tau, quarkonium, electroweak precision measurements and dark sector searches. It is composed of nine working groups (WGs), which are coordinated by teams of theorist and experimentalists conveners: Semileptonic and leptonic B decays, Radiative and Electroweak penguins, phi\_1 and phi\_2 (time-dependent CP violation) measurements, phi\_3 measurements, Charmless hadronic B decay, Charm, Quarkonium(like), tau and low-multiplicity processes, new physics and global fit analyses. This book highlights "golden- and silver-channels", i.e. those that would have the highest potential impact in the field. Theorists scrutinised the role of those measurements and estimated the respective theoretical uncertainties, achievable now as well as prospects for the future. Experimentalists investigated the expected improvements with the large dataset expected from Belle II, taking into account improved performance from the upgraded detector.},
  archivePrefix = {arXiv},
  eprint = {1808.10567},
  eprinttype = {arxiv},
  file = {/Users/bjoern/Zotero/storage/3PBP7IVV/Kou et al. - 2019 - The Belle II Physics Book.pdf;/Users/bjoern/Zotero/storage/9FCSIRIZ/1808.html},
  journal = {Progress of Theoretical and Experimental Physics},
  keywords = {High Energy Physics - Experiment,High Energy Physics - Lattice,High Energy Physics - Phenomenology},
  number = {12}
}


@article{lhcbcollaborationPhysicsCaseLHCb2019a,
  title = {Physics Case for an {{LHCb Upgrade II}} - {{Opportunities}} in Flavour Physics, and beyond, in the {{HL}}-{{LHC}} Era},
  author = {{LHCb collaboration} and Bediaga, I. and Torres, M. Cruz and De Miranda, J. M. and Gomes, A. and Massafferri, A. and Rodriguez, J. Molina and dos Reis, A. C. and Lavra, l Soares and Aoude, R. Tourinho Jadallah and Amato, S. and Akiba, K. Carvalho and Marinho, F. Da Cunha and De Paula, L. and Rodrigues, F. Ferreira and Gandelman, M. and Hicheur, A. and Lopes, J. H. and Nasteva, I. and Goicochea, J. M. Otalora and Polycarpo, E. and Potterat, C. and Rangel, M. S. and {de Oliveira}, L. Silva and De Paula, B. Souza and An, L. and Chen, C. and Davis, A. and Gan, Y. and Gao, Y. and Gu, C. and Jiang, F. and Li, T. and Liu, X. and Ren, Z. and Sun, J. and Tang, Z. and Wang, M. and Xu, A. and Xu, Z. and Yang, Z. and Zhang, L. and Zhang, W. C. and Zhu, X. and Chefdeville, M. and Decamp, D. and Ghez, Ph and Marchand, J. F. and Minard, M.-N. and Pietrzyk, B. and Reboud, M. and T'Jampens, S. and Tournefier, E. and Xu, Z. and Ajaltouni, Z. and Cogneras, E. and Deschamps, O. and Gazzoni, G. and Hadjivasiliou, C. and Kozeiha, M. and Lef{\`e}vre, R. and Maratas, J. and Monteil, S. and Perret, P. and Quintana, B. and Tisserand, V. and Vernet, M. and Romeu, J. Arnau and Aslanides, E. and Cogan, J. and Gerstel, D. and Gac, R. Le and Leroy, O. and Mancinelli, G. and Martin, M. and Meaux, C. and Morris, A. B. and Serrano, J. and Tayduganov, A. and Tsaregorodtsev, A. and Amhis, Y. and Balagura, V. and Barsuk, S. and Bossu, F. and Chamont, D. and Coelho, J. A. B. and Desse, F. and Fleuret, F. and Lefran{\c c}ois, J. and Lisovskyi, V. and Machefert, F. and Benito, C. Marin and Maurice, E. and Renaudin, V. and Robbe, P. and Schune, M. H. and Usachov, A. and Winn, M. and Wormser, G. and Zhang, Y. and {Ben-Haim}, E. and Bertholet, E. and Billoir, P. and Charles, M. and Del Buono, L. and Dujany, G. and Gligorov, V. V. and Mogini, A. and Polci, F. and Quagliani, R. and Reiss, F. and Robert, A. and Sepulveda, E. S. and Tou, D. Y. and Beranek, S. and Boubdir, M. and Escher, S. and Heister, A. and Kirn, T. and Langenbruch, C. and Materok, M. and Nieswand, S. and Schael, S. and Smith, E. and Verlage, T. A. and Whitehead, M. and Zhukov, V. and Albrecht, J. and Birnkraut, A. and Demmer, M. and Eitschberger, U. and Ekelhof, R. and Gavardi, L. and Heinicke, K. and Ibis, P. and Mackowiak, P. and Meier, F. and M{\"o}dden, A. and Momb{\"a}cher, T. and M{\"u}ller, J. and M{\"u}ller, V. and Niet, R. and Reichert, S. and Schellenberg, M. and Schmelzer, T. and Seuthe, A. and Spaan, B. and Stevens, H. and Tekampe, T. and Wishahi, J. and Dembinski, H.-P. and Klimkovich, T. and Schmelling, M. and Zavertyaev, M. and {d'Argent}, P. and Bachmann, S. and Berninghoff, D. and Braun, S. and {Comerma-Montells}, A. and Dziewiecki, M. and Gerick, D. and Grabowski, J. P. and Han, X. and {Hansmann-Menzemer}, S. and Kecke, M. and Khanji, B. and Kolpin, M. and Kopecna, R. and Leverington, B. and Marks, J. and Mitzel, D. S. and Neubert, S. and Neuner, M. and Piucci, A. and Skidmore, N. and Stahl, M. and Stemmle, S. and Uwer, U. and Zhelezov, A. and McNulty, R. and Veronika, N. V. and De Serio, M. and Fini, R. A. and Palano, A. and Pastore, A. and Simone, S. and Betti, F. and Carbone, A. and Falabella, A. and Ferrari, F. and Galli, D. and Marconi, U. and O'Hanlon, D. P. and Patrignani, C. and Soares, M. and Vagnoni, V. and Valenti, G. and Zucchelli, S. and Andreotti, M. and Baldini, W. and Bozzi, C. and Calabrese, R. and Corvo, M. and Fiorini, M. and Luppi, E. and Minzoni, L. and Pappalardo, L. L. and Siddi, B. G. and Tellarini, G. and Tomassetti, L. and Vecchi, S. and Anderlini, L. and Bizzeti, A. and Graziani, G. and Passaleva, G. and Veltri, M. and Albicocco, P. and Bencivenni, G. and Campana, P. and Ciambrone, P. and De Simone, P. and Di Nezza, P. and Klaver, S. and Lanfranchi, G. and Morello, G. and Ogilvy, S. and Palutan, M. and Lener, M. Poli and Rotondo, M. and Santimaria, M. and Sarti, A. and Sciascia, B. and Cardinale, R. and Cavallero, G. and Fontanelli, F. and Petrolini, A. and Belloli, N. and Calvi, M. and Carniti, P. and Cassina, L. and Fazzini, D. and Gotti, C. and Matteuzzi, C. and Fu, J. and Gandini, P. and Marangotto, D. and Merli, A. and Neri, N. and Petruzzo, M. and Brundu, D. and Bursche, A. and Cadeddu, S. and Cardini, A. and Chen, S. and Contu, A. and Fontana, M. and Griffith, P. and Lai, A. and Loi, A. and Manca, G. and Oldeman, R. and Saitta, B. and Vacca, C. and Amerio, S. and Bertolin, A. and Gallorini, S. and Lucchesi, D. and Lupato, A. and Michielin, E. and Morandin, M. and Sestini, L. and Simi, G. and Bedeschi, F. and Cenci, R. and Lusiani, A. and Morello, M. J. and Punzi, G. and Rama, M. and Stracka, S. and Walsh, J. and Carboni, G. and Federici, L. and Santovetti, E. and Satta, A. and Bocci, V. and Martellotti, G. and Penso, G. and Pinci, D. and Santacesaria, R. and Satriano, C. and Sciubba, A. and Aaij, R. and Ali, S. and Archilli, F. and Bel, L. J. and Benson, S. and {van Beuzekom}, M. and Dall'Occo, E. and Dufour, L. and Esen, S. and Carvalho, M. F{\'e}o Pereira Rivello and Govorkova, E. and Greim, R. and Hulsbergen, W. and Hynds, D. and Jans, E. and Koppenburg, P. and Kostiuk, I. and Merk, M. and Mulder, M. and Pellegrino, A. and Gras, C. Sanchez and {van Tilburg}, J. and Tuning, N. and Sierra, C. V{\'a}zquez and {van Veghel}, M. and Veronesi, M. and Vitkovskiy, A. and {de Vries}, J. A. and Ketel, T. and Raven, G. and Syropoulos, V. and Bhom, J. and Brodzicka, J. and Dziurda, A. and Kucewicz, W. and Kucharczyk, M. and Lesiak, T. and Malecki, B. and Ossowska, A. and Pikies, M. and Witek, M. and Dendek, A. and Firlej, M. and Fiutowski, T. and Idzik, M. and Krupa, W. and Majewski, M. W. and Moron, J. and {Oblakowska-Mucha}, A. and Rachwal, B. and Swientek, K. and Szumlak, T. and Batozskaya, V. and Klimaszewski, K. and Krzemien, W. and Melnychuk, D. and Ukleja, A. and Wislicki, W. and Cojocariu, L. and Ene, A. and Giubega, L. and Grecu, A. and Maciuc, F. and Placinta, V. and Straticiuc, M. and Alkhazov, G. and Bondar, N. and Chubykin, A. and Dzyuba, A. and Ivshin, K. and Kotriakhova, S. and Maev, O. and Maisuzenko, D. and Sagidova, N. and Shcheglov, Y. and Stepanova, M. and Vorobyev, A. and Belyaev, I. and Danilina, A. and Egorychev, V. and Golubkov, D. and Kvaratskheliya, T. and Pereima, D. and Savrina, D. and Semennikov, A. and Berezhnoy, A. and Gorelov, I. V. and Leflat, A. and Nikitin, N. and Volkov, V. and Filippov, S. and Gushchin, E. and Kravchuk, L. and Arzymatov, K. and Baranov, A. and Borisyak, M. and Chekalina, V. and Derkach, D. and Hushchyn, M. and Kazeev, N. and Khairullin, E. and Ratnikov, F. and Rogozhnikov, A. and Ustyuzhanin, A. and Bondar, A. and Eidelman, S. and Krokovny, P. and Kudryavtsev, V. and Maltsev, T. and Shekhtman, L. and Vorobyev, V. and Artamonov, A. and Belous, K. and Dzhelyadin, R. and Guz, Yu and Obraztsov, V. and Popov, A. and Poslavskii, S. and Romanovskiy, V. and Shapkin, M. and Stenyakin, O. and Yushchenko, O. and Albero, A. Alfonso and Gomez, M. Calvo and Camboni, A. and Coquereau, S. and Fernandez, G. and Garrido, L. and Gascon, D. and Diaz, R. Graciani and Graug{\'e}s, E. and {Vilasis-Cardona}, X. and Adeva, B. and Alves Jr, A. A. and Garcia, O. Boente and Borsato, M. and Chobanova, V. and Vidal, X. Cid and Su{\'a}rez, A. Dosil and Prieto, A. Fernandez and Torreira, A. Gallas and Plana, B. Garcia and Martinez, M. Lucio and Santos, D. Martinez and Casasus, M. Plo and Prisciandaro, J. and Pernas, M. Ramos and Vidal, A. Romero and Silva, J. J. Saborido and Sedes, B. Sanmartin and Rios, C. Santamarina and Regueiro, P. Vazquez and Diaz, M. Vieites and Alessio, F. and Blago, M. P. and Brodski, M. and Buytaert, J. and Byczynski, W. and Perez, D. H. Campora and Cattaneo, M. and Charpentier, Ph and Chitic, S.-G. and Chrzaszcz, M. and Ciezarek, G. and Clemencic, M. and Closier, J. and Coco, V. and Collins, P. and Colombo, T. and Coombs, G. and Corti, G. and Couturier, B. and D'Ambrosio, C. and Francisco, O. De Aguiar and De Bruyn, K. and Di Canto, A. and Dijkstra, H. and Dordei, F. and Dorigo, M. and Durante, P. and F{\"a}rber, C. and Declara, P. Fernandez and {Ferro-Luzzi}, M. and Fontana, M. and Forty, R. and Frank, M. and Frei, C. and Funk, W. and Gaspar, C. and Cardoso, L. A. Granado and Gruber, L. and Gys, T. and Haen, C. and Hasse, C. and Hatch, M. and {van Herwijnen}, E. and Jacobsson, R. and Johnson, D. and Joram, C. and Jost, B. and Karacson, M. and Lacarrere, D. and Lemaitre, F. and Lindner, R. and Lupton, O. and Martinelli, M. and Matev, R. and Mathe, Z. and M{\"u}ller, D. and Neufeld, N. and Pearce, A. and Altarelli, M. Pepe and Perazzini, S. and Pinzino, J. and Pisani, F. and Ponce, S. and Salzgeber, M. Ravonel and Roehrken, M. and Roiser, S. and Ruf, T. and Schindler, H. and Schmidt, B. and Schopper, A. and Schwemmer, R. and Seyfert, P. and Stagni, F. and Stahl, S. and Teubert, F. and Thomas, E. and Tolk, S. and Valassi, A. and Valat, S. and Gomez, R. Vazquez and Barbosa, J. V. Viana and Voneki, B. and Wyllie, K. and Andreassi, G. and Battista, V. and Bay, A. and Bellee, V. and Blanc, F. and De Cian, M. and Lopes, L. Ferreira and Fitzpatrick, C. and Gian{\`i}, S. and Girard, O. G. and Haefeli, G. and Hopchev, P. H. and Khurewathanakul, C. and Kuonen, A. K. and Macko, V. and Marinangeli, M. and Marino, P. and Maurin, B. and Nakada, T. and Nanut, T. and Nguyen, T. D. and {Nguyen-Mau}, C. and Pais, P. R. and Pescatore, L. and Pietrzyk, G. and Redi, F. and Rodrigues, A. B. and Schneider, O. and Schubiger, M. and Stefko, P. and Stramaglia, M. E. and Tran, M. T. and Atzeni, M. and Bernet, R. and Betancourt, C. and Bezshyiko, Ia and Buonaura, A. and Pardi{\~n}as, J. Garc{\'i}a and Graverini, E. and Lancierini, D. and Lionetto, F. and Mauri, A. and M{\"u}ller, K. and Owen, P. and Navarro, A. Puig and Serra, N. and Coutinho, R. Silva and Steinkamp, O. and Storaci, B. and Straumann, U. and Vollhardt, A. and Wang, Z. and Weiden, A. and Dovbnya, A. and Kandybei, S. and Koliiev, S. and Pugatch, V. and Bifani, S. and Calladine, R. and Chatzikonstantinidis, G. and Farley, N. and Ilten, P. and Lazzeroni, C. and Mazurov, A. and Plews, J. and Popov, D. and Sergi, A. and Watson, N. K. and Williams, T. and Zarebski, K. A. and Adinolfi, M. and Bhasin, S. and Buchanan, E. and Chapman, M. G. and Dalseno, J. and Harnew, S. T. and Kariuki, J. M. and {Maddrell-Mander}, S. and Naik, P. and Petridis, K. and Pomery, G. J. and Price, E. and Prouve, C. and Rademacker, J. H. and Richards, S. and Velthuis, J. J. and Bettler, M. O. and Cliff, H. V. and Delaney, B. and Tico, J. Garra and Gibson, V. and Haines, S. C. and Jones, C. R. and Keizer, F. and Kenzie, M. and Lovell, G. H. and Smeaton, J. G. and Trisovic, A. and Tully, A. and Vitti, M. and Ward, D. R. and Williams, I. and Wotton, S. A. and Back, J. J. and Blake, T. and Gonzalo, A. Brossa and Sobral, C. M. Costa and Crocombe, A. and Gershon, T. and Kreps, M. and Latham, T. and Loh, D. and Mathad, A. and Millard, E. and Poluektov, A. and Wicht, J. and Easo, S. and Nandakumar, R. and Papanestis, A. and Ricciardi, S. and Wilson, F. F. and Carson, L. and Clarke, P. E. L. and Cowan, G. A. and Currie, R. and Eisenhardt, S. and Gabriel, E. and Gambetta, S. and Gizdov, K. and Muheim, F. and Needham, M. and Pappagallo, M. and Petrucci, S. and Playfer, S. and Smith, I. T. and Zonneveld, J. B. and Alexander, M. and Beddow, J. and Bobulska, D. and Dean, C. T. and Douglas, L. and Eklund, L. and Karodia, S. and Longstaff, I. and Schiller, M. and Soler, F. J. P. and Spradlin, P. and Traill, M. and Bowcock, T. J. V. and Casse, G. and Dettori, F. and Dreimanis, K. and Farry, S. and Lima, V. Franco and Harrison, T. and Hennessy, K. and Hutchcroft, D. and Marshall, P. J. and Mead, J. V. and Rinnert, K. and Shears, T. and Wark, H. M. and Yeomans, L. E. and Cartelle, P. Alvarez and Baker, S. and Egede, U. and Golutvin, A. and Hecker, M. and Humair, T. and Kress, F. and McCann, M. and Patel, M. and Smith, M. and Stefkova, S. and Tilley, M. J. and Websdale, D. and Appleby, R. B. and Barlow, R. J. and Barter, W. and Borghi, S. and Burr, C. and Capriotti, L. and De Capua, S. and Dutta, D. and Gersabeck, E. and Gersabeck, M. and Grillo, L. and Charman, R. Hidalgo and Hilton, M. and Lafferty, G. and Maguire, K. and McNab, A. and Murray, D. and Parkes, C. and Sarpis, G. and Williams, M. R. J. and Bj{\o}rn, M. and Cazon, B. R. Gruberg and Hadavizadeh, T. and Hancock, T. H. and Harnew, N. and Hill, D. and Jalocha, J. and John, M. and Jurik, N. and Malde, S. and Murphy, C. H. and Nandi, A. and Pili, M. and Pullen, H. and Rollings, A. and Veneziano, G. and Vesterinen, M. and Wilkinson, G. and Boettcher, T. and Craik, D. C. and Weisser, C. and Williams, M. and Akar, S. and Evans, T. and Huard, Z. C. and Meadows, B. and Rodrigues, E. and Schreiner, H. F. and Sokoloff, M. D. and Andrews, J. E. and Hamilton, B. and Jawahery, A. and Parker, W. and Wimberley, J. and Yang, Z. and Artuso, M. and Batsukh, B. and Beiter, A. and Blusk, S. and Ely, S. and Kelsey, M. and Kim, K. E. and Li, Z. and Liang, X. and Mountain, R. and Polyakov, I. and Rudolph, M. S. and Skwarnicki, T. and Stone, S. and Venkateswaran, A. and Wang, J. and Wilkinson, M. and Yao, Y. and Yuan, X. and G{\"o}bel, C. and Guimaraes, V. Salustino and Beliy, N. and He, J. and Huang, W. and Li, P.-R. and Lyu, X. and Qian, W. and Qin, J. and Saur, M. and Szymanski, M. and Vieira, D. and Xu, Q. and Zheng, Y. and Cai, H. and Sun, L. and Dey, B. and Hu, W. and Wang, Y. and Xiao, D. and Xie, Y. and Xu, M. and Yin, H. and Yu, J. and Zhang, D. and Milanes, D. A. and Monroy, I. A. and Lopez, J. A. Rodriguez and Gr{\"u}nberg, O. and He{\ss}, M. and Meinert, N. and Viemann, H. and Waldi, R. and Onderwater, C. J. G. and Likhomanenko, T. and Malinin, A. and Morgunova, O. and Nogay, A. and Petrov, A. and Shevchenko, V. and Baryshnikov, F. and Didenko, S. and Polukhina, N. and Shmanin, E. and Panshin, G. and Strokov, S. and Vagner, A. and Martin, L. M. Garcia and Henry, L. and Vidal, F. Martinez and Oyanguren, A. and Alepuz, C. Remon and Vidal, J. Ruiz and Mayordomo, C. Sanchez and Aidala, C. A. and Da Silva, C. L. and Durham, J. M.},
  year = {2019},
  abstract = {The LHCb Upgrade II will fully exploit the flavour-physics opportunities of the HL-LHC, and study additional physics topics that take advantage of the forward acceptance of the LHCb spectrometer. The LHCb Upgrade I will begin operation in 2020. Consolidation will occur, and modest enhancements of the Upgrade I detector will be installed, in Long Shutdown 3 of the LHC (2025) and these are discussed here. The main Upgrade II detector will be installed in long shutdown 4 of the LHC (2030) and will build on the strengths of the current LHCb experiment and the Upgrade I. It will operate at a luminosity up to \$ 2 \textbackslash times 10\^\{34\} \textbackslash rm cm\^\{-2\}s\^\{-1\}\$, ten times that of the Upgrade I detector. New detector components will improve the intrinsic performance of the experiment in certain key areas. An Expression Of Interest proposing Upgrade II was submitted in February 2017. The physics case for the Upgrade II is presented here in more depth. \$CP\$-violating phases will be measured with precisions unattainable at any other envisaged facility. The experiment will probe \$b\textbackslash to s \textbackslash ell\^+\textbackslash ell\^-\$ and \$b\textbackslash to d \textbackslash ell\^+\textbackslash ell\^-\$ transitions in both muon and electron decays in modes not accessible at Upgrade I. Minimal flavour violation will be tested with a precision measurement of the ratio of \$B(B\^0\textbackslash to\textbackslash mu\^+\textbackslash mu\^-)/B(B\_s\^0\textbackslash to \textbackslash mu\^+\textbackslash mu\^-)\$. Probing charm \$CP\$ violation at the \$10\^\{-5\}\$ level may result in its long sought discovery. Major advances in hadron spectroscopy will be possible, which will be powerful probes of low energy QCD. Upgrade II potentially will have the highest sensitivity of all the LHC experiments on the Higgs to charm-quark couplings. Generically, the new physics mass scale probed, for fixed couplings, will almost double compared with the pre-HL-LHC era; this extended reach for flavour physics is similar to that which would be achieved by the HE-LHC proposal for the energy frontier.},
  archivePrefix = {arXiv},
  eprint = {1808.08865},
  eprinttype = {arxiv},
  file = {/Users/bjoern/Zotero/storage/ZDV2AIE7/LHCb collaboration et al. - 2019 - Physics case for an LHCb Upgrade II - Opportunitie.pdf;/Users/bjoern/Zotero/storage/P3SYI5C6/1808.html},
  journal = {arXiv:1808.08865 [hep-ex]},
  keywords = {High Energy Physics - Experiment},
  primaryClass = {hep-ex}
}

@article{Dmixing,
      author         = "Bondar, Alex and Poluektov, Anton and Vorobiev, Vitaly",
      title          = "{Charm mixing in a model-independent analysis of
                        correlated $D^0 \Dzb$ decays}",
      journal        = "Phys.Rev.",
      volume         = "D82",
      pages          = "034033",
      doi            = "10.1103/PhysRevD.82.034033",
      year           = "2010",
      eprint         = "1004.2350",
      archivePrefix  = "arXiv",
      primaryClass   = "hep-ph",
      SLACcitation   = "%%CITATION = ARXIV:1004.2350%%"
}

@article{Tico:2018qmg,
      author         = "Garra Ticó, Jordi",
      title          = "{A strategy for a simultaneous measurement of $CP$
                        violation parameters related to the $C\!K\!M$ angle
                        $\gamma$ in multiple $B$ meson decay channels}",
      year           = "2018",
      eprint         = "1804.05597",
      archivePrefix  = "arXiv",
      primaryClass   = "hep-ph",
      SLACcitation   = "%%CITATION = ARXIV:1804.05597;%%"
}

@lhcbreport{LHCb-CONF-2018-002,
      number        = "{LHCb-CONF-2018-002}",
      collaboration = "{LHCb collaboration}",
      title         = "{Update of the LHCb combination of the CKM angle $\gamma$ using $B \to DK$ decays}",
      year          = "{2018}",
}

@article{HFLAV,
author = "Amhis, Yasmine Sara and others",
title = "{Averages of $b$-hadron, $c$-hadron, and $\tau$-lepton properties as of 2018}",
collaboration = "HFLAV collaboration",
year = "2019",
eprint = "1909.12524",
archivePrefix = "arXiv",
primaryClass = "hep-ex",
SLACcitation = "%%CITATION = ARXIV:1909.12524;%%",
note = "{updated results and plots available at \href{https://hflav.web.cern.ch/}{{\texttt{https://hflav.web.cern.ch/}}}}",
}


% The PDG 2018 version
@article{PDG2020,
     author    = "Zyla, P. A. and others",
 collaboration = "Particle Data Group",
     title     = "{\href{http://pdg.lbl.gov/}{Review of particle physics}}",
     journal   = "Prog. Theor. Exp. Phys",
     volume    = "2020",
     pages    = "083C01",
     year      = "2020",
}

% The PDG 2018 version
@article{PDG2019outdated,
     author    = "Tanabashi, M. and others",
 collaboration = "Particle Data Group",
     title     = "{\href{http://pdg.lbl.gov/}{Review of particle physics}}",
     journal   = "Phys. Rev.",
     volume    = "D98",
     year      = "2018",
     pages     = "030001",
     note      = "{and 2019 update}",
     doi       = "10.1103/PhysRevD.98.030001",
}

@article{UTfit-UT,
      author         = "Bona, M. and others",
      title          = "{The unitarity triangle fit in the standard model and
                        hadronic parameters from lattice QCD: A reappraisal after
                        the measurements of $\Delta m_{s}$ and $BR(B\to\tau\nu_{\tau})$}",
      collaboration  = "UTfit collaboration",
      journal        = "JHEP",
      volume         = "10",
      year           = "2006",
      pages          = "081",
      doi            = "10.1088/1126-6708/2006/10/081",
      eprint         = "hep-ph/0606167",
      archivePrefix  = "arXiv",
      primaryClass   = "hep-ph",
      note           = "{updated results and plots available at \href{http://www.utfit.org/}{{\texttt{http://www.utfit.org/}}}}",
}

@article{CKMfitter2015,
      author         = "Charles, J. and others",
      title          = "{Current status of the Standard Model CKM fit and constraints on \hbox{$\Delta F=2$} new physics}",
      collaboration  = "CKMfitter group",
      journal        = "Phys. Rev.",
      volume         = "D91",
      year           = "2015",
      pages          = "073007",
      doi            = "10.1103/PhysRevD.91.073007",
      eprint         = "1501.05013",
      archivePrefix  = "arXiv",
      primaryClass   = "hep-ph",
      reportNumber   = "LPT-ORSAY-15-04",
      note           = "{updated results and plots available at \href{http://ckmfitter.in2p3.fr/}{{\texttt{http://ckmfitter.in2p3.fr/}}}}",
}

@manual{BONDARGGSZ,
      author = "Bondar, A.",
      title  = "{Proceedings of BINP special analysis meeting on Dalitz analysis, 24-26 Sep. 2002, unpublished}",
}

@article{BELLEMODIND,

      author         = "Aihara, H and others",

      title          = "{First measurement of $\phi_3$ with a model-independent

                        Dalitz plot analysis of $B^\pm \to DK^\pm$ , $D \to K^0_{\rm S} \pi^+ \pi^-$ decay}",

      collaboration  = "Belle collaboration",
      journal        = "Phys. Rev.",
      volume         = "D85",
      pages         = "112014",
      doi              = "10.1103/PhysRevD.85.112014",
      year           = "2012",
      eprint         = "1204.6561",
      archivePrefix  = "arXiv",
      primaryClass   = "hep-ex",
      reportNumber   = "BELLE-PREPRINT-2012-12"}



@article{BELLE2004,
      author         = "Poluektov, A. and others",
      title          = "{Measurement of $\phi_3$ with Dalitz plot analysis of $B^\pm \to D^{(*)} K^\pm$ decay}",
      collaboration  = "Belle collaboration",
      journal        = "Phys.Rev.",
      volume         = "D70",
      pages          = "072003",
      doi            = "10.1103/PhysRevD.70.072003",
      year           = "2004",
      eprint         = "hep-ex/0406067",
      archivePrefix  = "arXiv",
      primaryClass   = "hep-ex",
      SLACcitation   = "%%CITATION = HEP-EX/0406067;%%",
}



@article{BELLE2006,
      author         = "Poluektov, A. and others",
      title          = "{Measurement of $\phi_3$ with Dalitz plot analysis of $B^+ \to D^{(*)}K^{(*)+}$ decay}",
      collaboration  = "Belle collaboration",
      journal        = "Phys.Rev.",
      volume         = "D73",
      pages          = "112009",
      doi            = "10.1103/PhysRevD.73.112009",
      year           = "2006",
      eprint         = "hep-ex/0604054",
      archivePrefix  = "arXiv",
      primaryClass   = "hep-ex",
      reportNumber   = "BELLE-PREPRINT-2006-14, KEK-PREPRINT-2006-8",
      SLACcitation   = "%%CITATION = HEP-EX/0604054;%%",
}


@article{BELLE2010,

      author         = "Poluektov, A. and others",
      title          = "{Evidence for direct CP violation in the decay
                        $B^\pm \to D^{(*)}K^\pm$, $D \to K^0_{\rm S} \pi^+ \pi^-$ and measurement of the CKM
                        phase $\phi_3$}",
      collaboration  = "Belle collaboration",
      journal        = "Phys.Rev.",
      volume         = "D81",
      pages          = "112002",
      doi            = "10.1103/PhysRevD.81.112002",
      year           = "2010",
      eprint         = "1003.3360",
      archivePrefix  = "arXiv",
      primaryClass   = "hep-ex",
      reportNumber   = "BELLE-PREPRINT-2010-4",
      SLACcitation   = "%%CITATION = ARXIV:1003.3360;%%",

}



@article{BABAR2005,
      author         = "Aubert, Bernard and others",
      title          = "{Measurement of the Cabibbo-Kobayashi-Maskawa angle $\gamma$ in $B^\mp \to D^{(*)} K^\mp$ decays with a Dalitz analysis of $D \to K^0_{\rm S} \pi^-\pi^+$}",

      collaboration  = "\babar collaboration",
      journal        = "Phys.Rev.Lett.",
      volume         = "95",
      pages          = "121802",
      doi            = "10.1103/PhysRevLett.95.121802",
      year           = "2005",

      eprint         = "hep-ex/0504039",

      archivePrefix  = "arXiv",

      primaryClass   = "hep-ex",

      reportNumber   = "SLAC-PUB-11127",

      SLACcitation   = "%%CITATION = HEP-EX/0504039;%%",                        

}


@article{BABAR2008,

      author         = "Aubert, B and others",
      title          = "{Improved measurement of the CKM angle $\gamma$ in $B^\mp
                        \to D^{(*)} K^{(*)\mp}$ decays with a Dalitz plot analysis
                        of $D$ decays to $K^0_{\rm S} \pi^{+} \pi^{-}$ and $K^0_{\rm S} K^{+} K^{-}$}",
      collaboration  = "\babar collaboration",
      journal        = "Phys.Rev.",
      volume         = "D78",
      pages          = "034023",
      doi            = "10.1103/PhysRevD.78.034023",
      year           = "2008",
      eprint         = "0804.2089",
      archivePrefix  = "arXiv",
      primaryClass   = "hep-ex",
      reportNumber   = "SLAC-PUB-13209, BABAR-PUB-08-006",
      SLACcitation   = "%%CITATION = ARXIV:0804.2089;%%",
}


@article{BABAR2010,
      author         = "del Amo Sanchez, P. and others",
      title          = "{Evidence for direct CP violation in the measurement of
                        the Cabibbo-Kobayashi-Maskawa angle $\gamma$ with $B^\mp \to D^{(*)} K^{(*)\mp}$ decays}",
      collaboration  = "\babar collaboration",
      journal        = "Phys.Rev.Lett.",
      volume         = "105",
      pages          = "121801",
      doi            = "10.1103/PhysRevLett.105.121801",
      year           = "2010",
      eprint         = "1005.1096",
      archivePrefix  = "arXiv",
      primaryClass   = "hep-ex",
      reportNumber   = "SLAC-PUB-14090, BABAR-PUB-10-005",
      SLACcitation   = "%%CITATION = ARXIV:1005.1096;%%",                       

}

@techreport{CERN-LHCC-2003-030,
      title         = "{LHCb reoptimized detector design and performance:
                       Technical Design Report}",
      institution   = "CERN",
      collaboration = "LHCb collaboration",
      address       = "Geneva",
      series        = "Technical Design Report LHCb",
      year          = "2003",
      number  = "CERN-LHCC-2003-030, LHCb-TDR-9",
      reportNumber  = "CERN-LHCC-2003-030, LHCb-TDR-9",
      url           = "http://cds.cern.ch/record/630827",
}

@techreport{LHCb-2003-140,
      author        = "Gassner, J and Needham, M and Steinkamp, O",
      title         = "{Layout and Expected Performance of the LHCb TT Station}",
      institution   = "CERN",
      address       = "Geneva",
      number        = "LHCb-2003-140",
      month         = "Apr",
      year          = "2004",
      reportNumber  = "LHCb-2003-140",
      url           = "http://cds.cern.ch/record/728548",
}

@techreport{LHCb-2004-121,
      title         = "{LHCb RICH1 Engineering Design Review Report}",
      institution   = "CERN",
      collaboration = "LHCb collaboration",
      address       = "Geneva",
      number        = "LHCb-2004-121",
      year          = "2004",
      reportNumber  = "LHCb-2004-121",
      url           = "http://cds.cern.ch/record/897981",
}

@article{BelleKSPaper,
  title = {Measurements of branching fraction and direct $CP$ asymmetry in ${B}^{\ifmmode\pm\else\textpm\fi{}}\ensuremath{\rightarrow}{K}_{S}^{0}{K}_{S}^{0}{K}^{\ifmmode\pm\else\textpm\fi{}}$ and a search for ${B}^{\ifmmode\pm\else\textpm\fi{}}\ensuremath{\rightarrow}{K}_{S}^{0}{K}_{S}^{0}{\ensuremath{\pi}}^{\ifmmode\pm\else\textpm\fi{}}$},
  author = {Kaliyar, A. B. and others},
  collaboration = {Belle Collaboration},
  journal = {Phys. Rev. D},
  volume = {99},
  issue = {3},
  pages = {031102},
  numpages = {9},
  year = {2019},
  month = {Feb},
  publisher = {American Physical Society},
  doi = {10.1103/PhysRevD.99.031102},
  url = {https://link.aps.org/doi/10.1103/PhysRevD.99.031102}
}

@phdthesis{BelleKSThesis,
author = "Hiroshi, N.",
title = "Search for new physics by a time-dependent CP violation analysis of the decay $\B\to\KS$ eta gamma using the Belle detector",
url = "http://hdl.handle.net/10097/58814",
school = "Tohoku University, Senday",
year="2015"}


@article{Gsponer1979,
      author         = "Gsponer, A. and others",
      title          = "{Precise Coherent $K^0_{\rm S}$ Regeneration Amplitudes for C, Al, Cu, Sn, and Pb Nuclei from 20 to 140 GeV/$c$ and Their Interpretation}",
      year           = "1979",
      journal        = "Phys. Rev. Lett.",
      volume         = "22",
      pages          = "13",
      doi            = "10.1103/PhysRevLett.42.13",
}

@article{Gsponer1979-2,
  title = {${K}_{L}$-Nucleus Total Cross Sections between 30 and 150 GeV: Quantitative Evidence for Inelastic Screening},
  author = {Gsponer, A. and Hoffnagle, J. and Molzon, W. R. and Roehrig, J. and Telegdi, V. L. and Winstein, B. and Aronson, S. H. and Bock, G. J. and Hedin, D. and Thomson, G. B.},
  journal = {Phys. Rev. Lett.},
  volume = {42},
  issue = {1},
  pages = {9--13},
  numpages = {0},
  year = {1979},
  month = {Jan},
  publisher = {American Physical Society},
  doi = {10.1103/PhysRevLett.42.9},
  url = {https://link.aps.org/doi/10.1103/PhysRevLett.42.9}
}

@article{Briere1995,
      author         = "Briere, R. A. and Winstein, B.",
      title          = "{Determining the Phase of a Strong Scattering Amplitude from Its Momentum Dependence to
                         Better Than $1^\circ$: The Example of Kaon Regeneration}",
      year           = "1995",
      journal        = "Phys. Rev. Lett.",
      volume         = "75",
      pages          = "402",
      doi            = "10.1103/PhysRevLett.75.402",
}

@inproceedings{Filippi2016,
      author         = "Filippi, Alessandra",
      title          = "{Low Energy Kaon Scattering: Present Status and Open
                        Possibilities}",
      booktitle      = "{Mini-Proceedings: Workshop on Physics with Neutral Kaon
                        Beam at JLab (KL2016): Newport News, VA, USA, February
                        1-3, 2016}",
      year           = "2016",
      pages          = "31-41",
      SLACcitation   = "%%CITATION = INSPIRE-1470785;%%"
}

@article{Ko2011,
  title = {Effect of nuclear interactions of neutral kaons on $CP$ asymmetry measurements},
  author = {Ko, B. R. and Won, E. and Golob, B. and Pakhlov, P.},
  journal = {Phys. Rev. D},
  volume = {84},
  issue = {11},
  pages = {111501},
  numpages = {6},
  year = {2011},
  month = {Dec},
  publisher = {American Physical Society},
  doi = {10.1103/PhysRevD.84.111501},
  url = {https://link.aps.org/doi/10.1103/PhysRevD.84.111501}
}

@techreport{VELOUpgradeTDR,
      collaboration        = "LHCb Collaboration",
      title         = "{LHCb VELO Upgrade Technical Design Report}",
      number        = "CERN-LHCC-2013-021. LHCB-TDR-013",
      month         = "Nov",
      year          = "2013",
      reportNumber  = "CERN-LHCC-2013-021",
      url           = "https://cds.cern.ch/record/1624070",
}

@techreport{PIDUpgradeTDR,
      collaboration        = "LHCb Collaboration",
      title         = "{LHCb PID Upgrade Technical Design Report}",
      number        = "CERN-LHCC-2013-022. LHCB-TDR-014",
      month         = "Nov",
      year          = "2013",
      reportNumber  = "CERN-LHCC-2013-022",
      url           = "http://cds.cern.ch/record/1624074",
}

@PhdThesis{CrystalBall,
  author    = "Skwarnicki, Tomasz",
  title     = "{A study of the radiative cascade transitions between the
                  Upsilon-prime and Upsilon resonances}",
  school =   {Institute of Nuclear Physics, Krakow},
  year =   {1986},
  note =   "{\href{http://inspirehep.net/record/230779/}{DESY-F31-86-02}}",
}

% TMVA. Two quite different documents for a single arxiv ref.
@article{Hocker:2007ht,
      author         = "Voss, Helge and Hoecker, Andreas and Stelzer, J{\"o}rg and Tegenfeldt, Fredrik",
      title          = "{TMVA - Toolkit for Multivariate Data Analysis with ROOT}",
      booktitle      = "{Proceedings, 11th International Workshop on Advanced
                        computing and analysis techniques in physics research
                        (ACAT 2007): Amsterdam, Netherlands, April 23-27, 2007}",
      journal        = "PoS",
      volume         = "ACAT",
      year           = "2007",
      pages          = "040",
      reportNumber   = "CERN-OPEN-2007-007",
      doi            = "10.22323/1.050.0040",
}

% BDT
@book{Breiman,
  author =   {Breiman, L. and Friedman, J. H. and Olshen,
                  R. A. and Stone, C. J.},
  title =    {Classification and regression trees},
  publisher =    {Wadsworth international group},
  year =   {1984},
  address =    {Belmont, California, USA},
}

@techreport{VELO-TDR,
      publisher     = "CERN",
      collaboration = "LHCb Collaboration",
      address       = "Geneva",
      series        = "Technical Design Report LHCb",
      year          = "2001",
      reportNumber  = "CERN-LHCC-2001-0011 [sic!]",
      url           = "https://cds.cern.ch/record/504321",
}

@article{TMVA4,
      author         = "Hoecker, Andreas and others",
      title          = "{TMVA 4 --- Toolkit for Multivariate Data Analysis with ROOT. Users Guide.}",
      reportNumber   = "CERN-OPEN-2007-007",
      year           = "2009",
      archivePrefix  = "arXiv",
      primaryClass   = "physics",
      eprint         = "physics/0703039",
}

@techreport{ATLAS-CONF-2019-021,
      title         = "{Luminosity determination in $pp$ collisions at
                       $\sqrt{s}=13$ TeV using the ATLAS detector at the LHC}",
      institution   = "CERN",
      collaboration = "ATLAS Collaboration",
      address       = "Geneva",
      number        = "ATLAS-CONF-2019-021",
      month         = "Jun",
      year          = "2019",
      reportNumber  = "ATLAS-CONF-2019-021",
      url           = "http://cds.cern.ch/record/2677054",
}

@online{bbangles,

    author = "Christian Els{\"a}sser",

    collaboration = "LHCb collaboration",

    title = "$\overline{b}b$ production angle plots",

   url = "{\href{https://lhcb.web.cern.ch/lhcb/speakersbureau/html/bb\_ProductionAngles.html}{https://lhcb.web.cern.ch/lhcb/speakersbureau/html/bb\_ProductionAngles.html}}"
}

   @article{CERNcomplex,
      author        = "De Melis, Cinzia",
      title         = "{The CERN accelerator complex. Complexe des
                       accélérateurs du CERN}",
      month         = "Jan",
      year          = "2016",
      reportNumber  = "OPEN-PHO-ACCEL-2016-001",
      url           = "https://cds.cern.ch/record/2119882",
      note          = "General Photo",
}

@techreport{VELO-Forward,
      author        = "Hutchcroft, D",
      title         = "{VELO Pattern Recognition}",
      institution   = "CERN",
      address       = "Geneva",
      number        = "LHCb-2007-013. CERN-LHCb-2007-013",
      month         = "Mar",
      year          = "2007",
      reportNumber  = "LHCb-2007-013",
      url           = "http://cds.cern.ch/record/1023540",
}

@techreport{VELO-Match,
      author        = "Needham, M and Van Tilburg, J",
      title         = "{Performance of the track matching}",
      institution   = "CERN",
      address       = "Geneva",
      number        = "LHCb-2007-020. CERN-LHCb-2007-020",
      month         = "Mar",
      year          = "2007",
      reportNumber  = "LHCb-2007-020",
      url           = "http://cds.cern.ch/record/1020304",
}

@techreport{VELO-Match2,
      author        = "Needham, M",
      title         = "{Performance of the Track Matching}",
      institution   = "CERN",
      address       = "Geneva",
      number        = "LHCb-2007-129. CERN-LHCb-2007-129",
      month         = "Oct",
      year          = "2007",
      reportNumber  = "LHCb-2007-129",
      url           = "http://cds.cern.ch/record/1060807",
}

@techreport{Downstream,
      author        = "Callot, O",
      title         = "{Downstream Pattern Recognition}",
      institution   = "CERN",
      address       = "Geneva",
      number        = "LHCb-2007-026. CERN-LHCb-2007-026",
      month         = "Mar",
      year          = "2007",
      reportNumber  = "LHCb-2007-026",
      url           = "http://cds.cern.ch/record/1025827",
}

@thesis{VanTilburg:885750,
      author        = "Van Tilburg, J",
      title         = "{Track simulation and reconstruction in LHCb}",
      year          = "2005",
      reportNumber  = "CERN-THESIS-2005-040",
      url           = "https://cds.cern.ch/record/885750",
      note          = "Presented on 01 Sep 2005",
}

@techreport{TrackEff,
      author        = "De Cian, Michel and Hansmann-Menzemer, Stephanie and
                       Jaeger, Andreas and Seyfert, Paul and van Tilburg, Jeroen
                       and Wandernoth, Sebastian",
      title         = "{Measurement of the track finding efficiency}",
      institution   = "CERN",
      address       = "Geneva",
      number        = "LHCb-PUB-2011-025. CERN-LHCb-PUB-2011-025",
      month         = "Apr",
      year          = "2012",
      reportNumber  = "LHCb-PUB-2011-025",
      url           = "http://cds.cern.ch/record/1402577",
}

@techreport{RICH-TDR,
      collaboration = "{LHCb}",
      title         = "{LHCb RICH: Technical Design Report}",
      publisher     = "CERN",
      collaboration = "LHCb Collaboration",
      address       = "Geneva",
      series        = "Technical Design Report LHCb",
      year          = "2000",
      reportNumber  = "CERN-LHCC-2000-037",
      url           = "http://cds.cern.ch/record/494263",
}

@book{CAL-TDR,
      collaboration = "{LHCb}",
      title         = "{LHCb calorimeters: Technical Design Report}",
      publisher     = "CERN",
      collaboration = "LHCb Collaboration",
      address       = "Geneva",
      series        = "Technical Design Report LHCb",
      year          = "2000",
      reportNumber  = "CERN-LHCC-2000-0036-[sic!]",
      url           = "http://cds.cern.ch/record/494264",
}

@techreport{Forty:684714,
      author        = "Forty, R W and Schneider, O",
      title         = "{RICH pattern recognition}",
      institution   = "CERN",
      address       = "Geneva",
      number        = "LHCb-98-040",
      month         = "Apr",
      year          = "1998",
      reportNumber  = "LHCb-98-040",
      url           = "http://cds.cern.ch/record/684714",
}

@online{PIDplots,

    collaboration = "LHCb collaboration",

    title = "{PID performance plots}",

   url = "{https://twiki.cern.ch/twiki/bin/view/LHCb/PIDConferencePlots}}",
   urldate = "3 Aug, 2020"
}

@techreport{MuonPID,
      author        = "De Mello-Neto, J R T and Gandelman, M",
      title         = "{Muon iD performance with the reoptimized LHCb detector}",
      institution   = "CERN",
      address       = "Geneva",
      number        = "LHCb-2003-089",
      month         = "Oct",
      year          = "2003",
      reportNumber  = "LHCb-2003-089",
      url           = "http://cds.cern.ch/record/691744",
}

@techreport{MuonPID2,
      author        = "Gandelman, M and Polycarpo, E",
      title         = "{The Performance of the LHCb Muon Identification
                       Procedure}",
      institution   = "CERN",
      address       = "Geneva",
      number        = "LHCb-2007-145. CERN-LHCb-2007-145",
      month         = "Mar",
      year          = "2008",
      reportNumber  = "LHCb-2007-145",
      url           = "http://cds.cern.ch/record/1093941",
}

@techreport{ElectronPID,
      author        = "Terrier, H and Belyaev, I",
      title         = "{Particle identification with LHCb calorimeters}",
      institution   = "CERN",
      address       = "Geneva",
      number        = "LHCb-2003-092",
      month         = "Sep",
      year          = "2003",
      reportNumber  = "LHCb-2003-092",
      url           = "http://cds.cern.ch/record/691743",
}
@article{LHCb-DP-2019-001,
      author         = "Roel Aaij and others",
      title         = "{Performance of the LHCb trigger and full real-time  reconstruction in Run 2 of the LHC}",
      eprint         = "1812.10790",
      archivePrefix  = "arXiv",
      primaryClass   = "hep-ex",
      number         = "LHCb-DP-2019-001",
      year           = "2018",
}

% Pythia 6.4
@article{Sjostrand:2006za,
      author         = {Sj\"{o}strand, Torbj\"{o}rn and Mrenna, Stephen and
                       Skands, Peter"},
      title          = "{PYTHIA 6.4 physics and manual}",
      journal        = "JHEP",
      volume         = "05",
      pages          = "026",
      doi            = "10.1088/1126-6708/2006/05/026",
      year           = "2006",
      eprint         = "hep-ph/0603175",
      archivePrefix  = "arXiv",
      primaryClass   = "hep-ph",
}

@article{Sjostrand:2007gs,
      author         = {Sj\"{o}strand, Torbj\"{o}rn and Mrenna, Stephen and
                        Skands, Peter"},
      title          = "{A brief introduction to PYTHIA 8.1}",
      journal        = "Comput. Phys. Commun.",
      volume         = "178",
      pages          = "852-867",
      doi            = "10.1016/j.cpc.2008.01.036",
      year           = "2008",
      eprint         = "0710.3820",
      archivePrefix  = "arXiv",
      primaryClass   = "hep-ph",
      reportNumber   = "CERN-LCGAPP-2007-04, LU-TP-07-28,
                        FERMILAB-PUB-07-512-CD-T",
}

% The LHCb simulation
@article{LHCb-PROC-2011-006,
  author="Clemencic, M and others",
  title="{The \lhcb simulation application, Gauss: Design, evolution and experience}",
  journal="J. Phys. Conf. Ser.",
  volume={331},
  pages={032023},
  doi={10.1088/1742-6596/331/3/032023},
  year={2011},
}

% EVTGEN
@Article{Lange:2001uf,
     author    = "Lange, D. J.",
     title     = "{The EvtGen particle decay simulation package}",
     journal   = "Nucl. Instrum. Meth.",
     volume    = "A462",
     year      = "2001",
     pages     = "152-155",
     doi       = "10.1016/S0168-9002(01)00089-4",
}

% PHOTOS
@article{Golonka:2005pn,
      author         = "Golonka, Piotr and Was, Zbigniew",
      title          = "{PHOTOS Monte Carlo: A precision tool for QED
                  corrections in $Z$ and $W$ decays}",
      journal        = "Eur. Phys. J.",
      volume         = "C45",
      pages          = "97-107",
      doi            = "10.1140/epjc/s2005-02396-4",
      year           = "2006",
      eprint         = "hep-ph/0506026",
      archivePrefix  = "arXiv",
      primaryClass   = "hep-ph",
      reportNumber   = "IFJPAN-V-05-01, CERN-PH-TH-2005-091",
}

@article{Allison:2006ve,
      author         = "Allison, John and Amako, K. and Apostolakis, J. and
                        Araujo, H. and Dubois, P.A. and others",
 collaboration = "Geant4 collaboration",
      title          = "{Geant4 developments and applications}",
      journal        = "IEEE Trans.Nucl.Sci.",
      volume         = "53",
      pages          = "270",
      doi            = "10.1109/TNS.2006.869826",
      year           = "2006",
      reportNumber   = "SLAC-PUB-11870",
}


@article{LHCb-DP-2018-004,
      author         = "Dominik M{\"u}ller and Marco Clemencic and Gloria Corti and Marco Gersabeck",
      title         = "{ReDecay: A novel approach to speed up the simulation at LHCb}",
      eprint         = "1810.10362",
      archivePrefix  = "arXiv",
      primaryClass   = "hep-ex",
      report         = "LHCb-DP-2018-004",
      year           = "2018",
      journal        = "Eur. Phys. J.",
      volume         = "C78",
      pages          = "1009",
      doi            = "10.1140/epjc/s10052-018-6469-6",
      }

  % RapidSim
@article{Cowan:2016tnm,
      author         = "Cowan, G. A. and Craik, D. C. and Needham, M. D.",
      title          = "{RapidSim: an application for the fast simulation of
                        heavy-quark hadron decays}",
      journal        = "Comput. Phys. Commun.",
      volume         = "214",
      year           = "2017",
      pages          = "239-246",
      doi            = "10.1016/j.cpc.2017.01.029",
      eprint         = "1612.07489",
      archivePrefix  = "arXiv",
      primaryClass   = "hep-ex",
}

% Pythia tuning
@article{LHCb-PROC-2010-056,
      author         = "Belyaev, I. and others",
      title          = "{Handling of the generation of primary events
                         in Gauss, the LHCb simulation framework}",
      journal="J. Phys. Conf. Ser.",
      volume={331},
      pages={032047},
      doi={10.1088/1742-6596/331/3/032047},
      year={2011},
}

%DecayTreeFitter
@article{DTF,
      author         = "Hulsbergen, Wouter D.",
      title          = "{Decay chain fitting with a Kalman filter}",
      journal        = "Nucl. Instrum. Meth.",
      volume         = "A552",
      pages          = "566-575",
      doi            = "10.1016/j.nima.2005.06.078",
      year           = "2005",
      eprint         = "physics/0503191",
      archivePrefix  = "arXiv",
      primaryClass   = "physics",
}

%sPlot
@article{sPlot,
      author         = "Pivk, Muriel and Le Diberder, Francois R.",
      title          = "{sPlot: A statistical tool to unfold data distributions}",
      journal        = "Nucl. Instrum. Meth.",
      volume         = "A555",
      pages          = "356-369",
      doi            = "10.1016/j.nima.2005.08.106",
      year           = "2005",
      eprint         = "physics/0402083",
      archivePrefix  = "arXiv",
      primaryClass   = "physics.data-an",
      reportNumber   = "LAL-04-07",
}